@Misc{Xtext:2017:Doc,
	title = {Strona domowa frameworku Xtext},
	year = {2016 (dostęp Kwiecień 21, 2016)}, 
	howpublished = "\url{http://www.eclipse.org/Xtext/}"}

@Misc{Xtend:2017:Doc,
	title = {Strona domowa języka Xtend},
	year = {2016 (dostęp Kwiecień 21, 2016)}, 
	howpublished = "\url{http://www.eclipse.org/xtend/}"}

@Misc{AndroidSDK:2017:Doc,
	title = {Strona domowa Systemu Android},
	year = {2016 (dostęp Kwiecień 21, 2016)}, 
	howpublished = "\url{https://developer.android.com/}"}

@Misc{JUnit:2017:Doc,
	title = {Strona domowa JUnit},
	year = {2016 (dostęp Kwiecień 21, 2016)}, 
	howpublished = "\url{http://junit.org/junit4/}"}

@Misc{Mockito:2017:Doc,
	title = {Strona domowa Mockito},
	year = {2016 (dostęp Kwiecień 21, 2016)}, 
	howpublished = "\url{http://site.mockito.org/}"}

@Misc{Dagger2:2017:Doc,
	title = {Strona domowa Dagger2},
	year = {2016 (dostęp Kwiecień 21, 2016)}, 
	howpublished = "\url{https://google.github.io/dagger/}"}

@Misc{Gradle:2017:Doc,
	title = {Strona domowa Gradle},
	year = {2016 (dostęp Kwiecień 21, 2016)}, 
	howpublished = "\url{https://gradle.org/}"}

@Misc{RPGMaker:2017:Doc,
	title = {Strona domowa RPGMaker},
	year = {2016 (dostęp Kwiecień 21, 2016)}, 
	howpublished = "\url{http://www.rpgmakerweb.com/}"}

@Misc{Unity3D:2017:Doc,
	title = {Strona domowa Unity3d},
	year = {2016 (dostęp Kwiecień 21, 2016)}, 
	howpublished = "\url{https://unity3d.com/}"}


@Book{CleanCode:2005,
  author =       "Robert C. Martin",
  title =        "Czysty kod. Podręcznik dobrego programisty",
  publisher =    "Helion",
  pages =        "424",
  year =         "2015",
  ISBN =         "978-83-283-0234-1",
}
